<record><leader>00000cas a22000007a 4500</leader><controlfield tag="001">18117544</controlfield><controlfield tag="008">880621d19081912aruwr ne      0    0eng d</controlfield><datafield ind1=" " ind2=" " tag="010"><subfield code="a">sn 88051016 </subfield></datafield><datafield ind1=" " ind2=" " tag="040"><subfield code="a">ANU</subfield><subfield code="b">eng</subfield><subfield code="c">ANU</subfield><subfield code="d">OCLCQ</subfield></datafield><datafield ind1=" " ind2=" " tag="042"><subfield code="a">msc</subfield></datafield><datafield ind1="0" ind2="4" tag="245"><subfield code="a">The Fayetteville Republican and Washington County review.</subfield></datafield><datafield ind1="1" ind2="3" tag="246"><subfield code="a">Republican and review</subfield></datafield><datafield ind1=" " ind2=" " tag="260"><subfield code="a">Fayetteville, Ark. :</subfield><subfield code="b">D.C. Ambrose</subfield></datafield><datafield ind1=" " ind2=" " tag="300"><subfield code="a">v.</subfield></datafield><datafield ind1=" " ind2=" " tag="310"><subfield code="a">Weekly</subfield></datafield><datafield ind1="1" ind2=" " tag="362"><subfield code="a">Began in 1908? Ceased in 1912.</subfield></datafield><datafield ind1=" " ind2=" " tag="588"><subfield code="a">Description based on: Vol. 24, no. 27 (July 3, 1908).</subfield></datafield><datafield ind1=" " ind2=" " tag="752"><subfield code="a">United States</subfield><subfield code="b">Arkansas</subfield><subfield code="c">Washington</subfield><subfield code="d">Fayetteville.</subfield></datafield><datafield ind1="0" ind2="4" tag="780"><subfield code="t">Fayetteville Republican</subfield><subfield code="w">(DLC)sn 88051006</subfield></datafield><datafield ind1="0" ind2="4" tag="780"><subfield code="t">Washington County review</subfield><subfield code="w">(DLC)sn 88051015</subfield></datafield><datafield ind1="0" ind2="0" tag="785"><subfield code="t">Fayetteville republic</subfield><subfield code="w">(DLC)sn 88051017</subfield></datafield></record>